<record><leader>00000cas a22000007a 4500</leader><controlfield tag="001">24843718</controlfield><controlfield tag="008">911122d19911992moudn ne      0    0eng d</controlfield><datafield ind1=" " ind2=" " tag="010"><subfield code="a">sn 91061166 </subfield></datafield><datafield ind1=" " ind2=" " tag="040"><subfield code="a">MQN</subfield><subfield code="b">eng</subfield><subfield code="c">MQN</subfield><subfield code="d">NSD</subfield><subfield code="d">MQN</subfield><subfield code="d">OCLCQ</subfield></datafield><datafield ind1=" " ind2=" " tag="042"><subfield code="a">msc</subfield></datafield><datafield ind1="0" ind2="4" tag="245"><subfield code="a">The Reveille and Lake sun leader.</subfield></datafield><datafield ind1=" " ind2=" " tag="260"><subfield code="a">Camdenton, Mo. :</subfield><subfield code="b">Reveille/Lake Sun Leader,</subfield><subfield code="c">1991-1992.</subfield></datafield><datafield ind1=" " ind2=" " tag="300"><subfield code="a">v.</subfield></datafield><datafield ind1=" " ind2=" " tag="310"><subfield code="a">Daily (Mon.-Fri.)</subfield></datafield><datafield ind1="0" ind2=" " tag="362"><subfield code="a">Vol. 112, no. 125 (June 26, 1991)-v. 113, no. 100 (May 20, 1992).</subfield></datafield><datafield ind1=" " ind2=" " tag="515"><subfield code="a">Continues numbering of: Reveille (Linn Creek, Mo.).</subfield></datafield><datafield ind1=" " ind2="4" tag="651"><subfield code="a">Camden County (Mo.)</subfield><subfield code="x">Newsapapers.</subfield></datafield><datafield ind1=" " ind2="4" tag="651"><subfield code="a">Miller County (Mo.)</subfield><subfield code="v">Newspapers.</subfield></datafield><datafield ind1=" " ind2="4" tag="651"><subfield code="a">Morgan County (Mo.)</subfield><subfield code="v">Newspapers.</subfield></datafield><datafield ind1=" " ind2=" " tag="752"><subfield code="a">United States</subfield><subfield code="b">Missouri</subfield><subfield code="c">Camden</subfield><subfield code="d">Camdenton.</subfield></datafield><datafield ind1="0" ind2="4" tag="780"><subfield code="t">Reveille (Linn Creek, Mo.)</subfield><subfield code="w">(DLC)sn 88084187</subfield></datafield><datafield ind1="0" ind2="4" tag="780"><subfield code="t">Lake sun-leader (Osage Beach, Mo.)</subfield><subfield code="w">(DLC)sn 89066553</subfield></datafield><datafield ind1="0" ind2="0" tag="785"><subfield code="t">Lake sun leader (Camdenton, Mo. : 1992)</subfield><subfield code="x">1063-7001</subfield><subfield code="w">(DLC)sn 92003329</subfield><subfield code="w">(OCoLC)26117911</subfield></datafield><datafield ind1="1" ind2=" " tag="029"><subfield code="a">AU@</subfield><subfield code="b">000025898526</subfield></datafield></record>